Automatically generated by Mendeley Desktop 1.19.8
Any changes to this file will be lost if it is regenerated by Mendeley.

BibTeX export options can be customized via Options -> BibTeX in Mendeley Desktop

@article{Burney2018,
abstract = {Google Maps and other such maps in GIS have a lot of significance in every one's life for in modern world due to technological development as well as contemporary needs in travelling, business planning, agriculture, e-marketing supply chain management, census and planning and excessive use of mobile phones. Being a revolutionary technology, it attracts the users from its inception. It has been revolutionary in having an impact on one's daily life by helping one explore geographical locations virtually anywhere on the whole planet.},
author = {Burney, Aqil and Asif, Muhammad and Abbas, Zain and Burney, Shamaila},
doi = {10.4236/jcc.2018.61027},
file = {:D$\backslash$:/Onedrive/Leuven/AI/SEM1/Privacy and Big Data/Literatuur/Google{\_}Maps{\_}Security{\_}Concerns.pdf:pdf},
issn = {2327-5219},
journal = {Journal of Computer and Communications},
number = {01},
pages = {275--283},
title = {{Google Maps Security Concerns}},
volume = {06},
year = {2018}
}
@misc{Stakeholders,
title = {{Google Stakeholders {\&} Corporate Social Responsibility (CSR) - Panmore Institute}},
url = {http://panmore.com/google-stakeholders-corporate-social-responsibility-csr-analysis},
urldate = {2020-10-25}
}
@misc{Privacy_options,
title = {{Privacyopties - Google Veiligheidscentrum}},
url = {https://safety.google/privacy/privacy-controls/},
urldate = {2020-11-16}
}
@misc{GM API,
author = {Google},
title = {{API's voor geolocatie | Google Maps Platform | Google Cloud}},
url = {https://cloud.google.com/maps-platform/},
urldate = {2020-10-24}
}
@misc{Store_visit,
title = {{About store visit conversions - Google Ads Help}},
url = {https://support.google.com/google-ads/answer/6100636?hl=en},
urldate = {2020-11-16}
}
@misc{follow,
title = {{Google Maps Now Allows Users to Follow Each Other's Recommendations | Technology News}},
url = {https://gadgets.ndtv.com/apps/news/google-maps-follow-social-profile-page-topic-filters-update-feature-2272019},
urldate = {2020-10-25}
}
@misc{Manage location history,
title = {{Manage your Location History - Google Account Help}},
url = {https://support.google.com/accounts/answer/3118687},
urldate = {2020-11-16}
}
@misc{army_base,
title = {{Fitness tracking app Strava gives away location of secret US army bases | Technology | The Guardian}},
url = {https://www.theguardian.com/world/2018/jan/28/fitness-tracking-app-gives-away-location-of-secret-us-army-bases},
urldate = {2020-11-16}
}
@misc{Google_Veiligheidscentrum,
title = {{Advertenties en gegevens - Google Veiligheidscentrum}},
url = {https://safety.google/intl/nl/privacy/ads-and-data/},
urldate = {2020-11-16}
}
@misc{GoogleMapsTijdlijn,
title = {{Google Maps-tijdlijn - Android - Google Maps Help}},
url = {https://support.google.com/maps/answer/6258979?co=GENIE.Platform{\%}3DAndroid{\&}hl=nl},
urldate = {2020-10-25}
}
@misc{Nielsen2015,
author = {Nielsen, Michael A.},
publisher = {Determination Press},
title = {{Neural Networks and Deep Learning}},
url = {http://neuralnetworksanddeeplearning.com},
year = {2015}
}
@misc{autoDelete,
title = {{Google will auto-delete location and search histories by default for new users - The Verge}},
url = {https://www.theverge.com/2020/6/24/21301718/google-auto-delete-location-search-history-default-myactivity},
urldate = {2020-12-14}
}
